<record><leader>00000cas a22000007a 4500</leader><controlfield tag="001">10519275</controlfield><controlfield tag="008">840314d18131943njuwr ne      0    0eng d</controlfield><datafield ind1=" " ind2=" " tag="010"><subfield code="a">sn 84026640 </subfield></datafield><datafield ind1=" " ind2=" " tag="040"><subfield code="a">NPU</subfield><subfield code="b">eng</subfield><subfield code="c">NPU</subfield><subfield code="d">DLC</subfield><subfield code="d">NPX</subfield><subfield code="d">NPA</subfield><subfield code="d">NJW</subfield><subfield code="d">CNW</subfield><subfield code="d">CNK</subfield><subfield code="d">DLC</subfield><subfield code="d">OCL</subfield><subfield code="d">OCLCQ</subfield><subfield code="d">KRTAS</subfield><subfield code="d">OCLCQ</subfield><subfield code="d">OCLCF</subfield><subfield code="d">OCLCO</subfield></datafield><datafield ind1="1" ind2=" " tag="029"><subfield code="a">AU@</subfield><subfield code="b">000026223418</subfield></datafield><datafield ind1=" " ind2=" " tag="042"><subfield code="a">msc</subfield></datafield><datafield ind1=" " ind2=" " tag="043"><subfield code="a">n-us-nj</subfield></datafield><datafield ind1="0" ind2="0" tag="050"><subfield code="a">Newspaper</subfield></datafield><datafield ind1="0" ind2="0" tag="245"><subfield code="a">Sussex register.</subfield></datafield><datafield ind1=" " ind2=" " tag="260"><subfield code="a">Newton, N.J. :</subfield><subfield code="b">John H. Hall,</subfield><subfield code="c">-1943.</subfield></datafield><datafield ind1=" " ind2=" " tag="300"><subfield code="a">v. :</subfield><subfield code="b">ill.</subfield></datafield><datafield ind1=" " ind2=" " tag="310"><subfield code="a">Weekly</subfield></datafield><datafield ind1="1" ind2=" " tag="362"><subfield code="a">Began with July 6, 1813 issue?</subfield></datafield><datafield ind1="0" ind2=" " tag="362"><subfield code="a">-v. 128, no. 7791 (Aug. 19, 1943).</subfield></datafield><datafield ind1=" " ind2=" " tag="500"><subfield code="a">Publishers: John H. Hall, 1813-1834, 1836-1856; Hall &amp; Moore, 1834-1836; Hall &amp; Edsall, 1856-1864; Westbrook &amp; Edsall, 1864-1866; Coult &amp; Edsall, 1866-1868; Coult &amp; Goodman, 1868-1869; Richard F. Goodman, 1869-1911; Whitfield Gibbs, 1911-1915; Allen S. Page, 1915-1917; Estate of Allen S. Page, 1917-1919; Nelson E. Barton, 1919-1929; Sussex Register Pub. Co., 1929-1936; Charles A. Dickson, 1936; Sussex Register, Inc., 1936-1943.</subfield></datafield><datafield ind1=" " ind2=" " tag="500"><subfield code="a">Editors: John H. Hall, 1813-1864; Benjamin Bailey Edsall, &lt;1856&gt;-1868; Joseph Coult, 1868-1869; Richard F. Goodman, 1869-1911; Whitfield Gibbs, 1911-1915; Allen S. Page, 1915-1917; James H.J. Lynch, 1917; Edward D. Page, 1917-1919; Nelson E. Barton, 1919-1936; Edward W. McWhood, 1936-1943.</subfield></datafield><datafield ind1=" " ind2=" " tag="500"><subfield code="a">References: Shaw &amp; Shoemaker 22902; Brigham, C.S. Amer. newspapers, p. 514.</subfield></datafield><datafield ind1=" " ind2=" " tag="500"><subfield code="a">Republican. Cf. Rowell, 1869.</subfield></datafield><datafield ind1=" " ind2=" " tag="525"><subfield code="a">Supplements accompany some issues.</subfield></datafield><datafield ind1=" " ind2=" " tag="530"><subfield code="a">Also issued on microfilm as part of the Civil War newspapers collection.</subfield></datafield><datafield ind1=" " ind2=" " tag="580"><subfield code="a">Also published ed. for Franklin Township, &lt;1913-1921&gt; (title unknown).</subfield></datafield><datafield ind1=" " ind2=" " tag="588"><subfield code="a">Description based on: Vol. 6, no. 266 (Aug. 3, 1818).</subfield></datafield><datafield ind1=" " ind2="0" tag="651"><subfield code="a">Newton (N.J.)</subfield><subfield code="v">Newspapers.</subfield></datafield><datafield ind1=" " ind2="7" tag="655"><subfield code="a">Newspapers.</subfield><subfield code="2">fast</subfield><subfield code="0">(OCoLC)fst01423814</subfield></datafield><datafield ind1=" " ind2="7" tag="651"><subfield code="a">New Jersey</subfield><subfield code="z">Newton.</subfield><subfield code="2">fast</subfield><subfield code="0">(OCoLC)fst01232808</subfield></datafield><datafield ind1="1" ind2=" " tag="700"><subfield code="a">Hall, John H.,</subfield><subfield code="d">1791-1865.</subfield></datafield><datafield ind1=" " ind2=" " tag="752"><subfield code="a">United States</subfield><subfield code="b">New Jersey</subfield><subfield code="c">Sussex</subfield><subfield code="d">Newton.</subfield></datafield><datafield ind1="0" ind2="7" tag="785"><subfield code="t">New Jersey herald (Newton, N.J. : 1926)</subfield><subfield code="w">(DLC)sn 85035752</subfield><subfield code="w">(OCoLC)12075474</subfield></datafield><datafield ind1="0" ind2="7" tag="785"><subfield code="t">New Jersey herald and Sussex register</subfield><subfield code="w">(DLC)sn 85035753</subfield><subfield code="w">(OCoLC)12075492</subfield></datafield><datafield ind1=" " ind2=" " tag="938"><subfield code="a">Kirtas Technologies, Inc.</subfield><subfield code="b">KRTS</subfield><subfield code="n">738267</subfield></datafield></record>